% Encoding: UTF-8

@article{Yang2019EdgeDBAE,
  title={EdgeDB: An Efficient Time-Series Database for Edge Computing},
  author={Yang Yang, Qiang Cao and Hong Jiang},
  journal={IEEE Access},
  year={2019},
  volume={7},
  pages={142295-142307},
  url={https://api.semanticscholar.org/CorpusID:204087604}
}

@article{Paparrizos2021VergeDBAD,
  title={VergeDB: A Database for IoT Analytics on Edge Devices},
  author={John Paparrizos and Chunwei Liu and Bruno Barbarioli and John Hwang and Ikraduya Edian and Aaron J. Elmore and Michael J. Franklin and Sanjay Krishnan},
  booktitle={Conference on Innovative Data Systems Research},
  year={2021},
  url={https://api.semanticscholar.org/CorpusID:231906525}
}    

@article{Lin2007EnhancingEC,
  author={Lin, Yi and Kemme, Bettina and Patino-Martinez, Marta and Jimenez-Peris, Ricardo},
  booktitle={2007 26th IEEE International Symposium on Reliable Distributed Systems (SRDS 2007)}, 
  title={Enhancing Edge Computing with Database Replication}, 
  year={2007},
  volume={},
  number={},
  pages={45-54},
  url={https://www.semanticscholar.org/paper/Enhancing-Edge-Computing-with-Database-Replication-Lin-Kemme/339830d30a847016dca3eae86a1e387ea44fad45},
}

@book{Gyorodi2015comparative,
  author={Győrödi, Cornelia and Győrödi, Robert and Pecherle, George and Olah, Andrada},
  booktitle={2015 13th International Conference on Engineering of Modern Electric Systems (EMES)}, 
  title={A comparative study: MongoDB vs. MySQL}, 
  year={2015},
  pages={1-6},
  abstract={In this paper, we present a comparative study of non-relational databases and relational databases. We mainly focus on one implementation of NoSQL database technology, namely MongoDB, and compare it with another implementation of relational databases, namely MySQL, thereby justifying why MongoDB is more efficient than MySQL. We also highlight the advantages of using a non-relational database compared to a relational database, integrated into a forum in the field of personal and professional development. MongoDB was chosen from a variety of non-relational databases for developing the forum, thanks to some aspects that we will highlight in this article. The database integration into the framework will also be presented.},
  keywords={Relational databases;Syntactics;Electronic mail;Computer science;Arrays;Indexes;MySQL;MongoDB;NoSQL;RDBMS;non-relational databases},
  doi={10.1109/EMES.2015.7158433},
}

@book{Wiseso2020PerformanceAnalysis,
  author={Wiseso, Linggis Galih and Imrona, Mahmud and Alamsyah, Andry},
  booktitle={2020 6th International Conference on Science in Information Technology (ICSITech)}, 
  title={Performance Analysis of Neo4j, MongoDB, and PostgreSQL on 2019 National Election Big Data Management Database}, 
  year={2020},
  volume={},
  number={},
  pages={91-96},
  keywords={Databases;Voting;Organizations;Big Data;Tools;Time measurement;Complexity theory;big data;postgresql;mongodb;neo4j;big o;database performance},
  doi={10.1109/ICSITech49800.2020.9392041}
}

@misc{Dollinger2022,
	author = {Dollinger, Vivien},
	month = {9},
	title = {{Edge Databases - a new Data Architecture for the Edge }},
	year = {2022},
	url = {https://www.linkedin.com/pulse/edge-databases-new-data-architecture-dr-vivien-dollinger/},
}

@misc{Gartner2023,
  author = {{Gartner}},
  title = {Hype Cycle for Edge Computing, 2023},
  howpublished = {Gartner Research},
  year = {2023},
  url = {https://www.gartner.com/en/documents/4564399}
}

@INPROCEEDINGS{10384962,
  author={Tripathi, Piyush and Miraz, Mahdi H. and Joshi, Snigdha},
  booktitle={2023 International Conference on Computing, Networking, Telecommunications & Engineering Sciences Applications (CoNTESA)}, 
  title={Comparative Analysis of MongoDB and InfluxDB for Time Series Data Management in IoT Environments: A Study on Performance, Scalability, and Concurrency}, 
  year={2023},
  volume={},
  number={},
  pages={39-42},
  keywords={Concurrent computing;Databases;Scalability;Time series analysis;Memory management;Performance analysis;Internet of Things;MongoDB;InfluxDB;IoT;Time Series Data;Performance Analysis},
  doi={10.1109/CoNTESA61248.2023.10384962}
}

@online{SQLiteDocumentation,
  author       = {SQLite Consortium},
  title        = {SQLite Documentation},
  year         = {2024},
  url          = {https://sqlite.org/docs.html}
}

@online{PostgreSQLDocumentation,
  author       = {PostgreSQL Global Development Group},
  title        = {PostgreSQL Documentation},
  year         = {2024},
  url          = {https://www.postgresql.org/docs/}
}

@online{CassandraDocumentation,
  author       = {Apache Cassandra},
  title        = {Apache Cassandra Documentation},
  year         = {2024},
  url          = {https://cassandra.apache.org/doc/latest/}
}

@online{RedisDocumentation,
  author       = {Redis},
  title        = {Redis Documentation},
  year         = {2024},
  url          = {https://redis.io/documentation}
}

@online{TimescaleDBDocumentation,
  author       = {TimescaleDB},
  title        = {TimescaleDB Documentation},
  year         = {2024},
  url          = {https://www.timescale.com/docs/}
}

@online{MongoDBDocumentation,
  author       = {MongoDB},
  title        = {MongoDB Documentation},
  year         = {2024},
  url          = {https://www.mongodb.com/docs/}
}

@article{Cao2020,
  author = {Cao, Keyan and Liu, Yefan and Meng, Gongjie and Sun, Qimeng},
  year = {2020},
  month = {01},
  pages = {1-1},
  title = {An Overview on Edge Computing Research},
  volume = {PP},
  journal = {IEEE Access},
  doi = {10.1109/ACCESS.2020.2991734}
}

@article{Ponnusamy2024,
  author={Ponnusamy, Sivakumar and Gupta, Pankaj},
  journal={IEEE Access}, 
  title={Scalable Data Partitioning Techniques for Distributed Data Processing in Cloud Environments: A Review}, 
  year={2024},
  volume={12},
  number={},
  pages={26735-26746},
  keywords={Cloud computing;Distributed databases;Parallel processing;Scalability;Resource management;Fault tolerant systems;Task analysis;Content-based retrieval;Dynamical systems;Partitioning algorithms;Principal component analysis;Content-based partitioning;dynamic partitioning;graph-based data partitioning;hash partitioning;key-based partitioning;principal component analysis (PCA);range partitioning},
  doi={10.1109/ACCESS.2024.3365810}
}

@article{Mahmud2020,
  author={Mahmud, Mohammad Sultan and Huang, Joshua Zhexue and Salloum, Salman and Emara, Tamer Z. and Sadatdiynov, Kuanishbay},
  journal={Big Data Mining and Analytics}, 
  title={A survey of data partitioning and sampling methods to support big data analysis}, 
  year={2020},
  volume={3},
  number={2},
  pages={85-101},
  keywords={Big Data;Distributed databases;Computational modeling;Data models;Computer architecture;Sampling methods;big data analysis;data partitioning;data sampling;distributed and parallel computing;approximate computing},
  doi={10.26599/BDMA.2019.9020015}
}

@inproceedings{EdgeSmartCities2023,
    author = {Latif U. Khan and Ibrar Yaqoob and Nguyen H. Tran and others},
    title = {Edge Computing Services for Smart Cities: A Review and Case Study},
    booktitle = {IEEE Conference on Edge Computing},
    year = {2023},
    url = {https://ieeexplore.ieee.org/document/9615785}
}

@article{EnergyManagement2023,
    author = {Ali, Mohammad and others},
    title = {Intelligent Edge Computing for IoT-Based Energy Management in Smart Cities},
    journal = {IEEE Transactions on Smart Cities},
    volume = {4},
    pages = {123-135},
    year = {2023},
    url = {https://ieeexplore.ieee.org/document/8675180}
}



@Comment{jabref-meta: databaseType:biblatex;}