% Encoding: UTF-8

@book{Shi2018,
    author = {Shi, W. and Cao, J. and Zhang, Q},
    title = {Edge Computing: A Primer},
    isbn = {978-3-030-02082-8},
    year = {2018},
    publisher = {Springer},
    address = {Detroit, USA},
}

@article{Shi2016,
    author = {Shi, W. and Cao, J. and Zhang, Q. and Li, Y. and Xu, L.},
    title = {Edge Computing: Vision and Challenges},
    year = {2016},
    journal = {IEEE Internet of Things Journal},
    volume = {3},
    number = {5},
    pages = {637--646},
    url = {https://ieeexplore.ieee.org/document/7488250},
    urldate = {2024-08-15},
}

@online{Karger1997,
    author = {Karger, D. and Lehman, E. and Leighton, T. and Panigrahy, R. and Levine, M. and Lewin, D.},
    title = {Consistent Hashing and Random Trees: Distributed Caching Protocols for Relieving Hot Spots on the World Wide Web},
    year = {1997},
    booktitle = {ACM Symposium on Theory of Computing (STOC)},
    url = {https://www.cs.princeton.edu/courses/archive/fall09/cos518/papers/chash.pdf},
    urldate = {2024-08-16},
}

@book{Kleppmann2017,
  author    = {Martin Kleppmann},
  title     = {Designing Data-Intensive Applications},
  year      = {2017},
  publisher = {O'Reilly Media},
  address   = {Sebastopol, CA},
  isbn      = {978-1-4493-7332-0},
}


@book{Taheri2020,
  author    = {Javid Taheri and Shuiguang Deng},
  title     = {Edge Computing: Models, Technologies and Applications},
  year      = {2020},
  publisher = {The Institution of Engineering and Technology (IET)},
  address   = {London, UK},
  isbn      = {978-1-78561-940-3},
}

@article{Rahmani2018,
    author = {Rahmani, A. and Liljeberg, P. and Preden, J. and Jantsch, A.},
    title = {Exploiting Smart e-Health Gateways at the Edge of Healthcare Internet-of-Things: A Fog Computing Approach},
    year = {2018},
    journal = {Future Generation Computer Systems},
    volume = {78},
    pages = {641--658},
    url = {https://www.sciencedirect.com/science/article/abs/pii/S0167739X17302121},
    urldate = {2024-08-17},
}

@Comment{jabref-meta: databaseType:biblatex;}
